###############################################################################
# Articles
###############################################################################

@article{Aliotta2016,
    author = "Aliotta, M. and Junker, M. and Prati, P. and Straniero, O. and Strieder, F.",
    title = "Helium burning and neutron sources in the stars",
    journal = "The European Physical Journal A",
    year = "2016",
    month = "Apr",
    day = "05",
    volume = "52",
    number = "4",
    pages = "76",
    issn = "1434-601X",
    doi = "10.1140/epja/i2016-16076-3",
    url = "https://doi.org/10.1140/epja/i2016-16076-3"
}

@article{Andersen1961,
    title = {Alpha Particles from the Proton Bombardment of Aluminium},
    author = {Andersen, S.L. and Haug, A. and Holtebekk, T. and
        Loensjoe, O. and Nordhagen, R.},
    journal = {Phys. Norvegica},
    number = 1,
    volume = 1,
    year = {1961},
}

@article{Angulo2001,
    title = "First results with the recoil separator ARES",
    journal = "Nuclear Physics A",
    volume = "688",
    number = "1",
    pages = "462 - 464",
    year = "2001",
    note = "Nuclei in the Cosmos",
    issn = "0375-9474",
    doi = "http://dx.doi.org/10.1016/S0375-9474(01)00756-4",
    url = "http://www.sciencedirect.com/science/article/pii/S0375947401007564",
    author = "C. Angulo and M. Couder and S. Cherubini and W. Galster and
        J.-S. Graulich and P. Leleux and F. Vanderbist and A.C. Shotter",
}

@article{Baartman2007,
    title = "Short Quadrupole Parameterization",
    author = "R. Baartman and D. Kaltchev",
    year = "2007",
    journal = "Proceedings of PAC2007",
    pages = "3229 - 3231",
    doi = {10.1109/PAC.2007.4440381}
}

@article{Boeltzig2016,
    author = "Boeltzig, A. and Bruno, C. G. and Cavanna, F. and Cristallo, S.
        and Davinson, T. and Depalo, R. and deBoer, R. J. and Di Leva, A.
        and Ferraro, F. and Imbriani, G. and Marigo, P. and Terrasi, F.
        and Wiescher, M.",
    title = "Shell and explosive hydrogen burning",
    journal = "The European Physical Journal A",
    year = "2016",
    month = "Apr",
    day = "05",
    volume = "52",
    number = "4",
    pages = "75",
    issn = "1434-601X",
    doi = "10.1140/epja/i2016-16075-4",
    url = "https://doi.org/10.1140/epja/i2016-16075-4"
}

@article{Couder2003,
    title = "Performance of the ARES recoil separator for (p,γ) reaction measurements",
    journal = "Nuclear Instruments and Methods in Physics Research Section A:
        Accelerators, Spectrometers, Detectors and Associated Equipment",
    volume = "506",
    number = "1",
    pages = "26 - 34",
    year = "2003",
    issn = "0168-9002",
    doi = "https://doi.org/10.1016/S0168-9002(03)01381-0",
    url = "http://www.sciencedirect.com/science/article/pii/S0168900203013810",
    author = "M Couder and C Angulo and W Galster and J.-S Graulich and P Leleux and
        P Lipnik and G Tabacaru and F Vanderbist",
}

@article{Couder2008,
    author = {{Couder}, M. and {Berg}, G.~P.~A. and {G{\"o}rres}, J. and
             {LeBlanc}, P.~J. and {Lamm}, L.~O. and {Stech}, E. and
             {Wiescher}, M. and {Hinnefeld}, J.
    },
    title = "{Design of the recoil mass separator St. George}",
    journal = "Nuclear Instruments and Methods in Physics Research, Section A:
        Accelerators, Spectrometers, Detectors and Associated Equipment",
    year = 2008,
    month = mar,
    volume = 587,
    pages = {35-45},
    doi = {10.1016/j.nima.2007.11.069},
}

@article{Davids2003,
    title = {Recoil separators},
    author = {Davids, Cary N},
    journal = {Nuclear Instruments and Methods in Physics Research Section B:
        Beam Interactions with Materials and Atoms},
    volume = {204},
    pages = {124--128},
    year = {2003},
    publisher = {Elsevier}
}

@article{deBoer2015,
    title = {Low energy scattering cross section ratios of
        $^{14}\mathrm{N}(p,p)^{14}\mathrm{N}$},
    author = {deBoer, R. J. and Bardayan, D. W. and G\"orres, J. and
        LeBlanc, P. J. and Manukyan, K. V. and Moran, M. T. and Smith, K. and
        Tan, W. and Uberseder, E. and Wiescher, M. and Bertone, P. F. and
        Champagne, A. E. and Islam, M. S.},
    journal = {Phys. Rev. C},
    volume = {91},
    issue = {4},
    pages = {045804},
    numpages = {10},
    year = {2015},
    month = {Apr},
    publisher = {American Physical Society},
    doi = {10.1103/PhysRevC.91.045804},
    url = {https://link.aps.org/doi/10.1103/PhysRevC.91.045804}
}

@article{DiLeva2008,
    title = "Recoil separator ERNA: Measurement of 3He(α,γ)7Be",
    journal = "Nuclear Instruments and Methods in Physics Research Section A:
        Accelerators, Spectrometers, Detectors and Associated Equipment",
    volume = "595",
    number = "2",
    pages = "381 - 390",
    year = "2008",
    issn = "0168-9002",
    doi = "https://doi.org/10.1016/j.nima.2008.07.082",
    url = "http://www.sciencedirect.com/science/article/pii/S0168900208009236",
    author = "A. Di Leva and M. De Cesare and D. Schürmann and N. De Cesare and
        A. D’Onofrio and L. Gialanella and R. Kunz and G. Imbriani and
        A. Ordine and V. Roca and D. Rogalla and C. Rolfs and M. Romano and
        E. Somorjai and F. Strieder and F. Terrasi"
}

@article{Engel2005,
    title={Commissioning the DRAGON facility at ISAC},
    author={Engel, S and Hutcheon, D and Bishop, S and Buchmann, L and
        Caggiano, J and Chatterjee, ML and Chen, AA and D’Auria, J and
        Gigliotti, D and Greife, U and others},
    journal={Nuclear Instruments and Methods in Physics Research Section A:
        Accelerators, Spectrometers, Detectors and Associated Equipment},
    volume={553},
    number={3},
    pages={491--500},
    year={2005},
    publisher={Elsevier}
}

@article{James1988,
    title = "Microsecond mass separation of heavy compound nucleus residues
        using the Daresbury recoil separator",
    journal = "Nuclear Instruments and Methods in Physics Research Section A:
        Accelerators, Spectrometers, Detectors and Associated Equipment",
    volume = "267",
    number = "1",
    pages = "144 - 152",
    year = "1988",
    issn = "0168-9002",
    doi = "https://doi.org/10.1016/0168-9002(88)90638-9",
    url = "http://www.sciencedirect.com/science/article/pii/0168900288906389",
    author = "A.N. James and T.P. Morrison and K.L. Ying and K.A. Connell
        and H.G. Price and J. Simpson"
}

@article{Kontos2012,
    author = "Antonios Kontos and Daniel Schürmann and Charles Akers and Manoel
        Couder and Joachim Görres and Daniel Robertson and Ed Stech and Rashi
        Talwar and Michael Wiescher",
    title = "HIPPO: A supersonic helium jet gas target for nuclear
        astrophysics",
    journal = "Nuclear Instruments and Methods in Physics Research Section A:
        Accelerators, Spectrometers, Detectors and Associated Equipment",
    volume = "664",
    number = "1",
    pages = "272 - 281",
    year = "2012",
    note = "",
    doi = "https://doi.org/10.1016/j.nima.2011.10.039",
}

@article{Kump1973,
    title = "An absolute calibration of electrostatic accelerators in the
        energy region from 0.7 MeV to 2.1 MeV",
    journal = "Nuclear Instruments and Methods",
    volume = "112",
    number = "3",
    pages = "489 - 494",
    year = "1973",
    doi = {10.1016/0029-554X(73)90167-5},
    author = "P. Kump and V. Ramšak and P. Rupnik and M. Vakselj",
}

@article{Meisel2017,
    title = "Energy acceptane of the St. George recoil separator",
    author = "Z. Meisel and M. T. Moran and G. Gilardy and J. Schmitt and
        C. Seymour and M. Couder",
    year = "2017",
    journal = "Nuclear Instruments and Methods in Physics Research Section A:
        Accelerators, Spectrometers, Detectors and Associated Equipment ",
    volume = "850",
    number = "",
    pages = "48 - 53",
    doi = "http://dx.doi.org/10.1016/j.nima.2017.01.035"
}

@article{Meisel2016,
    title = "Exploratory investigation of the HIPPO gas-jet target fluid
        dynamic properties",
    author = {{Meisel}, Z. and {Shi}, K. and {Jemcov}, A. and {Couder}, M.},
    journal = "Nuclear Instruments and Methods in Physics Research, Section A:
        Accelerators, Spectrometers, Detectors and Associated Equipment",
    year = "2016",
    volume = "828",
    pages = {8-14},
    doi = {10.1016/j.nima.2016.04.115}
}

@inproceedings{MoralesDNP,
    title = {Performance of the St. George Detector System},
    author = {Morales, Luis and Kalkal, Sunil and Jung, Hyo Soon and
        Seymour, Chris and Gilardy, Gwenaelle and Moran, Mike and
        Meisel, Zachary and Hinnefeld, Jerry and Couder, Manoel},
    booktitle = {APS Division of Nuclear Physics Meeting Abstracts},
    year = {2016},
    url = "http://meetings.aps.org/link/BAPS.2016.DNP.PC.7"
}

@article{Nelson1984,
    author = "Nelson, R. O. and Bilpuch, E. G. and Westerfeldt, C. R.
        and Michell, G. E.",
    title = "{Proton resonances in Si-28 from Ex=13.4to14.5 MeV}",
    journal = "Phys. Rev.",
    volume = "C30",
    year = "1984",
    pages = "755-764",
    doi = "10.1103/PhysRevC.30.755",
}

@article{Rogalla2003,
    title = {Recoil separator ERNA: acceptances in angle and energy},
    author = "D. Rogalla and D. Schürmann and F. Strieder and M. Aliotta and
        N. DeCesare and A. DiLeva and C. Lubritto and A. D’Onofrio and
        L. Gialanella and G. Imbriani and J. Kluge and A. Ordine and
        V. Roca and H. Röcken and C. Rolfs and M. Romano and F. Schümann and
        F. Terrasi and H.P. Trautvetter",
    journal = {Nuclear Instruments and Methods in Physics Research Section A:
        Accelerators, Spectrometers, Detectors and Associated Equipment},
    volume = {513},
    number = {3},
    pages = {573--578},
    year = {2003},
    publisher = {Elsevier}
}

@article{Smith1991,
    title={A recoil separator for use in radioactive ion beam experiments},
    author={Smith, MS and Rolfs, C and Barnes, CA},
    journal={Nuclear Instruments and Methods in Physics Research Section A: Accelerators, Spectrometers, Detectors and Associated Equipment},
    volume={306},
    number={1-2},
    pages={233--239},
    year={1991},
    publisher={Elsevier}
}

################################################################################
# Code
################################################################################

@article{COSY,
    title = "COSY INFINITY version 9",
    author = "Kyoko Makino and Martin Berz",
    year = "2006",
    month = "3",
    doi = "10.1016/j.nima.2005.11.109",
    volume = "558",
    pages = "346--350",
    journal = "Nuclear Instruments and Methods in Physics Research, Section A:
        Accelerators, Spectrometers, Detectors and Associated Equipment",
    issn = "0168-9002",
    publisher = "Elsevier",
    number = "1",
}

@article{Matplotlib,
    author = {Hunter, John D.},
    title = {Matplotlib: A 2D Graphics Environment},
    journal = {Computing in Science \& Engineering},
    volume = {9},
    number = {3},
    pages = {90-95},
    year = {2007},
    doi = {10.1109/MCSE.2007.55},
    URL = {https://aip.scitation.org/doi/abs/10.1109/MCSE.2007.55},
    eprint = {https://aip.scitation.org/doi/pdf/10.1109/MCSE.2007.55}
}

@article{NumPy,
    author = {Stéfan van der Walt and S. Chris Colbert and Gaël Varoquaux},
    title = {The NumPy Array: A Structure for Efficient Numerical Computation},
    journal = {Computing in Science \& Engineering},
    volume = {13},
    number = {2},
    pages = {22-30},
    year = {2011},
    doi = {10.1109/MCSE.2011.37},
    URL = {http://aip.scitation.org/doi/abs/10.1109/MCSE.2011.37},
    eprint = {http://aip.scitation.org/doi/pdf/10.1109/MCSE.2011.37}
}

@InProceedings{Pandas,
    author = {Wes McKinney},
    title = {Data Structures for Statistical Computing in Python},
    booktitle = {Proceedings of the 9th Python in Science Conference},
    pages = {51-56},
    year = {2010},
    editor = {St\'efan van der Walt and Jarrod Millman}
}

@article{PyMC3,
    title = {Probabilistic programming in Python using PyMC3},
    author = {Salvatier, John and Wiecki, Thomas V. and
        Fonnesbeck, Christopher},
    year = 2016,
    month = apr,
    keywords = {Bayesian statistic, Probabilistic Programming, Python, Markov
        chain Monte Carlo, Statistical modeling},
    volume = 2,
    pages = {e55},
    journal = {PeerJ Computer Science},
    issn = {2376-5992},
    url = {https://doi.org/10.7717/peerj-cs.55},
    doi = {10.7717/peerj-cs.55}
}

@Misc{ROOT,
    author = {Rene Brun and Fons Rademakers},
    title = {ROOT - An Object Oriented Data Analysis Framework},
    year = {1996},
    month = {September},
    journal = {Proceedings AIHENP'96 Workshop, Lausanne},
    journal = "Nuclear Instruments and Methods in Physics Research, Section A:
        Accelerators, Spectrometers, Detectors and Associated Equipment",
    volume = {389},
    pages = {81-86},
    year = {1997},
    URL = {http://root.cern.ch/}
}

@Misc{SciPy,
    author = {Eric Jones and Travis Oliphant and Pearu Peterson and others},
    title = {{SciPy}: Open source scientific tools for {Python}},
    year = {2001--},
    url = "http://www.scipy.org/",
    note = {[Online; accessed 2017-03-29]}
}

@article{Simplex,
    title = {A simplex method for function minimization},
    author = {Nelder, John A and Mead, Roger},
    journal = {The Computer Journal},
    volume = {7},
    number = {4},
    pages = {308--313},
    year = {1965},
    publisher = {Br Computer Soc}
}

@Misc{SRIM,
    author = {James F Ziegler and J P Biersack and Matthias D Ziegler},
    title = {SRIM-2008.04},
    year = {2008},
    url = "http://www.srim.org/"
}

################################################################################
# Books
################################################################################

@book{Iliadis,
    title = "Nuclear Physics of Stars",
    author = "Christian Iliadis",
    year = "2008",
    month = "1",
    day = "3",
    doi = "10.1002/9783527618750",
    language = "English (US)",
    isbn = "9783527406029",
    publisher = "Wiley-VCH",
}

@book{CarrollOstlie,
    added-at = {2009-06-08T15:56:57.000+0200},
    author = {Carroll, Bradley W. and Ostlie, Dale A.},
    edition = {2nd (International)},
    editor = {Addison-Wesley, San Francisco: Pearson},
    title = {{A}n {I}ntroduction to {M}odern {A}strophysics},
    year = 2007
}

################################################################################
# Others
################################################################################

@Misc{Gilardy2017,
    author = {Gwen Gilardy},
    title = {Private communication},
    year = {2017}
}
